@article{venter2001sequence,
  title={The sequence of the human genome},
  author={Venter, J Craig and Adams, Mark D and Myers, Eugene W and Li, Peter W and Mural, Richard J and Sutton, Granger G and Smith, Hamilton O and Yandell, Mark and Evans, Cheryl A and Holt, Robert A and others},
  journal={science},
  volume={291},
  number={5507},
  pages={1304--1351},
  year={2001},
  publisher={American Association for the Advancement of Science}
}

@book{chibli2008multiprocessor,
  title={A Multiprocessor Parallel Approach to Bit-parallel Approximate String Matching},
  author={Chibli, Elias Anwar},
  year={2008}
}
@article{kleinjung2002parallelized,
  title={Parallelized multiple alignment},
  author={Kleinjung, Jens and Douglas, Nigel and Heringa, Jaap},
  journal={Bioinformatics},
  volume={18},
  number={9},
  pages={1270--1271},
  year={2002},
  publisher={Oxford Univ Press}
}

@inproceedings{xue2014parallel,
  title={A parallel algorithm for DNA sequences alignment based on MPI},
  author={Xue, Qianfei and Xie, Jiang and Shu, Junhui and Zhang, Huiran and Dai, Dongbo and Wu, Xing and Zhang, Wu},
  booktitle={Information Science, Electronics and Electrical Engineering (ISEEE), 2014 International Conference on},
  volume={2},
  pages={786--789},
  year={2014},
  organization={IEEE}
}